@misc{Pocket,
	title = {Pocket},
	url = {https://apps.apple.com/jp/app/pocket/id309601447},
	note = {\url{https://apps.apple.com/jp/app/pocket/id309601447}},
}
@misc{instapaper,
	title = {instapaper},
	url = {https://www.instapaper.com/},
	note = {\url{https://www.instapaper.com/}},
}
@misc{shiori-web-for-safari,
	title = {Shiori web for safari},
	url = {https://apps.apple.com/jp/app/shiori-web-for-safari/id1480539987},
	note = {\url{https://apps.apple.com/jp/app/shiori-web-for-safari/id1480539987}},
}
@misc{murai-web-page,
	author = {村井純},
	title = {ネットの父・村井純が見る未来＃01／理想だけを追えばいい時代が来る},
	year = {2019},
	month = {January},
	url = {https://business.nikkei.com/atcl/seminar/19/00010/011100002/},
	note = {\url{https://business.nikkei.com/atcl/seminar/19/00010/011100002/}},
}
@misc{murai-video,
	author = {Keio Research Institute at SFC / 慶應義塾大学SFC研究所},
	title = {「インターネット文明」村井純},
	year = {2019},
	month = {October},
	url = {https://www.youtube.com/watch?v=lnlhB7VF_3M},
	note = {\url{https://www.youtube.com/watch?v=lnlhB7VF_3M}},
}
@misc{App-Extension,
	title = {App Extension},
	url = {https://developer.apple.com/jp/app-extensions/},
	note = {\url{https://developer.apple.com/jp/app-extensions/}},
}
@misc{Share-Extension,
	title = {App Extension Programming Guide/Share},
	url = {https://developer.apple.com/library/archive/documentation/General/Conceptual/ExtensibilityPG/Share.html},
	note = {\url{https://developer.apple.com/library/archive/documentation/General/Conceptual/ExtensibilityPG/Share.html}},
}